@book{Berlinski1997-BERATO-5,
	year = {1997},
	author = {David Berlinski},
	title = {A Tour of the Calculus}
}